@article{HuTaWe:12,
author={Hu and Tan and Wen},
year={2012}}

@article{NIST-SP-800-145,
author={Mell and Grance},
year={2011}}

@misc{Hadoop,
year={2013}}

@ARTICLE{TeKlPaBe:11, 
author={Tenorth, M. and Klank, U. and Pangercic, D. and Beetz, M.}, 
journal={Robotics Automation Magazine, IEEE}, 
title={Web-Enabled Robots}, 
year={2011}, 
volume={18}, 
number={2}, 
pages={58-68}, 
keywords={Internet;robots;Web sites;Web-enabled robots;World Wide Web;autonomous service robots;information processing method;information sources;knowledge bases;knowledge resource;Human factors;Knowledge based systems;Knowledge engineering;Robot programmig;Semantic Web;Solid modeling;Web sites}, 
doi={10.1109/MRA.2011.940993}, 
ISSN={1070-9932}}

@INPROCEEDINGS{TePeLaBe:12, 
author={Tenorth, M. and Perzylo, A.C. and Lafrenz, R. and Beetz, M.}, 
booktitle={Robotics and Automation (ICRA), 2012 IEEE International Conference on}, 
title={The RoboEarth language: Representing and exchanging knowledge about actions, objects, and environments}, 
year={2012}, 
pages={1284-1289}, 
keywords={Internet;control engineering computing;formal languages;robots;RoboEarth language;Web community;World Wide Web;community-based generation;content generation;formal language;inference problems;robot platform;robotics;Knowledge based systems;Navigation;Ontologies;Robot kinematics;Semantics;Solid modeling}, 
doi={10.1109/ICRA.2012.6224812}, 
ISSN={1050-4729}}

@ARTICLE{WaBeCiDa:11, 
author={Waibel, M. and Beetz, M. and Civera, J. and D'Andrea, R. and Elfring, J. and Galvez-Lopez, D. and Haussermann, K. and Janssen, R. and Montiel, J. M M and Perzylo, A. and Schiessle, B. and Tenorth, M. and Zweigle, O. and van de Molengraft, R.}, 
journal={Robotics Automation Magazine, IEEE}, 
title={RoboEarth}, 
year={2011}, 
volume={18}, 
number={2}, 
pages={69-82}, 
keywords={Internet;control engineering computing;knowledge management;multi-robot systems;Internet;RoboEarth;knowledge sharing;robots;Distributed databases;Information exchange;Knowledge transfer;Robot kinematics;Robot sensing systems;Semantics;Service robots}, 
doi={10.1109/MRA.2011.941632}, 
ISSN={1070-9932}}
